@book{Tsay2013,
address = {Hoboken, New Jersey},
author = {Tsay, Ruey S.},
keywords = {financial,time series},
mendeley-tags = {financial,time series},
publisher = {John Wiley {\&} Sons, Inc.},
title = {{An Introduction to Analysis of Financial Data with R}},
year = {2013}
}
